@Reference{gost16019,
    heading =		{ГОСТ 16019-2001},
    title = 		{Аппаратура сухопутной подвижной радиосвязи.
            Требования по стойкости к воздействию механических и климатических факторов
            и методы испытаний},
    publisher = 	{Стандартинформ},
    address =       {М.},
    year = 		    {2009},
    langid =        "russian"
}

@Reference{gost53386,
    heading =		{ГОСТ Р 53386-2009},
    title = 		{Платы печатные},
    subtitle =      {Термины и определения},
    publisher = 	{Стандартинформ},
    address =       {М.},
    year = 		    {2018},
    langid =        "russian"
}
@Reference{gost14004,
    heading =		{ГОСТ 14.004-83},
    title = 		{Технологическая подготовка производства},
    subtitle =      {Термины и определения основных понятий},
    publisher = 	{Стандартинформ},
    address =       {М.},
    year = 		    {2009},
    langid =        "russian"
}
@Reference{gost31121,
    heading =		{ГОСТ 3.1121-84},
    title = 		{Единая система технологической документации (ЕСТД)},
    subtitle =      {Общие требования к комплектности и оформлению комплектов документов на типовые и групповые технологические процессы (операции)},
    publisher = 	{Стандартинформ},
    address =       {М.},
    year = 		    {2009},
    langid =        "russian"
}

@Reference{gost23752,
    heading =       {ГОСТ 23752-79},
    title = 		{Платы печатные. Общие технические условия},
    publisher = 	{Стандартинформ},
    address =       {М.},
    year = 		    {2019},
    langid =        "russian"
}

@Reference{gost53429,
    heading =		{ГОСТ Р 53429-2009},
    title = 		{Платы печатные. Основные параметры конструкции},
    publisher = 	{Стандартинформ},
    address =       {М.},
    year = 		    {2018},
    langid =        "russian"
}

@Reference{gost57558,
    heading =		{ГОСТ Р 57558-2017},
    title = 		{Аддитивные технологические процессы. Базовые принципы.},
    publisher = 	{Стандартинформ},
    address =       {М.},
    year = 		    {2018},
    langid =        "russian"
}

@Reference{gost53232,
    heading =       {ГОСТ Р 53232-2009},
    title = 		{Платы печатные. Общие технические требования к производству.},
    publisher = 	{Стандартинформ},
    address =       {М.},
    year = 		    {2019},
    langid =        "russian"
}

@Reference{ost44202,
    heading =       {ОСТ 4.42.02-93},
    title = 		{Сборочно-монтажное производство радиоэлектронных средств. Требования технологические к конструкциям печатных узлов для автоматизированной сборки},
    publisher = 	{Стандартинформ},
    address =       {М.},
    year = 		    {2019},
    langid =        "russian"
}

@Book{olifer,
    title =         {Компьютерные сети},
    subtitle = 		{Принципы, технологии, протоколы},
    edition =       {5-е издание.},
    author = 	    {Олифер, В. and Олифер, Н.},
    publisher = 	{Питер},
    address =       {СПб.},
    year = 		    {2017},
    pages =         992,
    langid =        "russian"
}

@Book{tanenbaum,
    title =         {Компьютерные сети},
    edition =       {5-е издание.},
    author = 	    {Таненбаум, Э. and Уэзеролл, Д.},
    publisher = 	{Питер},
    address =       {СПб.},
    year = 		    {2012},
    pages =         960,
    langid =        "russian"
}

@Reference{ref:solid_req1,
    heading =       {Dassault Systems},
    title = 		{SOLIDWORKS and SW PDM System Requirements},
    url =	 	    {https://www.solidworks.com/sw/support/SystemRequirements.html},
    urldate =		{2020-03-12},
    langid =        "russian"
}

@Reference{ref:solid_req2,
    heading =       {Computer Aided Technology},
    title = 		{SOLIDWORKS 2020 System Requirements},
    url =	 	    {https://www.cati.com/software/solidworks-system-requirements/},
    urldate =		{2020-03-12},
    langid =        "russian"
}

