@Article{BoevBpla,
    title =         {Анализ командно-телеметрической радиолинии связи
                     с беспилотными летательными аппаратами},
    author = 		{Н. М. Боев},
    journal = 	    {Сибирский журнал науки и технологий},
    year = 		    {2012},
    number =        {2 (42)},
    url =           {https://cyberleninka.ru/article/n/analiz-komandno-telemetricheskoy-radiolinii-svyazi-s-bespilotnymi-letatelnymi-apparatami},
    langid =        "russian"
}

@Book{BigBook,
    title = 		{Конструкторско-технологическое проектирование электронной аппаратуры},
    subtitle =      {учебник для вузов},
    author = 		{К. И. Билибин and А. И. Власов and Л. В. Журавлева and др.},
    publisher = 	{Изд-во МГТУ им. Н. Э. Баумана},
    address =       {М.},
    year = 		    {2002},
    pages =         528,
    langid =        "russian"
}

@Book{Volgov,
    author =		{Волгов, В.А.},
    title = 		{Детали и узлы радиоэлектронной аппаратуры},
    publisher = 	{Энергия},
    address =       {М.},
    year = 		    {1977},
    pages =         656,
    langid =        "russian"
}

@Book{metoda,
    title = 		{Основные конструкторские расчеты},
    subtitle =      {Пособие к самостоятельной работе},
    author = 		{П.П. Гелль and Т.В. Матюхина and Н.А. Осокина and Сосотенко},
    publisher = 	{Санкт-Петербургский государственный университет телекоммуникаций им. проф. М.А. Бонч-Бруевича},
    address =       {Санкт-Петербург.},
    year = 		    {2004},
    pages =         58,
    langid =        "russian"
}

@Book{Vas,
    author =		{Васильева, Л.С.},
    title = 		{Катушки индуктивности аппаратуры связи},
    publisher = 	{Связь},
    address =       {М.},
    year = 		    {1973},
    pages =         200,
    langid =        "russian"
}

@online{site:capacitor,
author =        {ОАО Кулон},
title =         {Конденсатор К10-17б [Электронный ресурс]},
url =           {http://kulon.spb.ru/katalog-produktsii/kondensatory/k10-17b},
urldate =       {07.04.2018},
langid =        "russian"
}

@online{wiki:filter,
    author =        {Wikipedia},
    title =         {Filter (signal processing)},
    url =           {https://en.wikipedia.org/wiki/Filter_(signal_processing)},
    urldate =       {2019-05-02},
}
@online{digikey,
    author =        {Digi-Key},
    title =         {Electronic Components Distributor},
    url =           {https://www.digikey.com/},
    urldate =       {2019-05-02},
}
@online{mouser,
    author =        {Mouser},
    title =         {Electronic Components Distributor},
    url =           {https://www.mouser.com},
    urldate =       {2019-05-20},
}
@online{wiki:pla,
    author =        {Википедия},
    title =         {Полилактид},
    url =           {https://ru.wikipedia.org/wiki/Полилактид},
    urldate =       {2019-04-20},
    langid =        "russian"
}
@online{wiki:abs,
    author =        {Википедия},
    title =         {АБС-пластик},
    url =           {https://ru.wikipedia.org/wiki/АБС-пластик},
    urldate =       {2019-04-29},
    langid =        "russian"
}

@reference{datasheet:speaker,
    heading =     {Ningbo Kepo Electronics Co., Ltd.},
    title =         {Specification for Speaker Model: KP1530SP1},
    url =           {https://static.chipdip.ru/lib/127/DOC004127724.pdf},
    urldate =       {2019-05-01},
}

@reference{datasheet:MCU,
    heading =     {ST Microelectronics},
    title =         {STM32F103x8 Datasheet},
    url =           {https://static.chipdip.ru/lib/235/DOC000235733.pdf},
    urldate =       {2019-05-01},
}
@reference{datasheet:MCUrm,
    heading =     {ST Microelectronics},
    title =         {RM0008 Reference manual},
    url =           {www.keil.com/dd/docs/datashts/st/stm32f10xxx.pdf},
    urldate =       {2019-05-01},
}

@reference{datasheet:cc1206,
    heading =     {Yageo},
    title =         {Surface-Mount Ceramic Multilayer Capacitors},
    url =           {www.yageo.com/documents/recent/UPY-GP_NP0_16V-to-50V_8.pdf},
    urldate =       {2019-05-02},
}

@reference{datasheet:rc1206,
    heading =     {Yageo},
    title =         {GENERAL PURPOSE CHIP RESISTORS},
    url =           {www.yageo.com/documents/recent/PYu-RC1206_51_RoHS_L_v5.pdf},
    urldate =       {2019-05-02},
}
@reference{datasheet:abracon,
    heading =     {Abracon LLC},
    title =         {HC/49US (AT49) SMD LOW PROFILE CRYSTAL},
    url =           {https://abracon.com/Resonators/abls.pdf},
    urldate =       {2019-05-02},
}
@reference{datasheet:cond,
    heading =     {Panasonic},
    title =         {Aluminium Electrolytic Capacitors (SMD Type)},
    url =           {https://ru.mouser.com/datasheet/2/315/ABA0000C1145-947633.pdf},
    urldate =       {2019-05-02},
}

@reference{datasheet:stab,
    heading =     {Torex Semiconductor Ltd.},
    title =         {XC6206 Series},
    url =           {https://static.chipdip.ru/lib/046/DOC003046726.pdf},
    urldate =       {2019-05-01},
}

@reference{datasheet:ft232,
    heading =     {FTDI Chip},
    title =         {FT232R USB UART I.C.},
    url =           {https://static.chipdip.ru/lib/222/DOC000222844.pdf},
    urldate =       {2019-05-01},
}

@reference{datasheet:display,
    heading =     {Xiamen Ocular},
    title =         {Specifications of LCD module},
    url =           {https://www.sparkfun.com/datasheets/LCD/GDM2004D.pdf},
    urldate =       {2019-05-01},
}

@Reference{gost16019,
    heading =		{ГОСТ 16019-2001},
    title = 		{Аппаратура сухопутной подвижной радиосвязи.
            Требования по стойкости к воздействию механических и климатических факторов
            и методы испытаний},
    publisher = 	{Стандартинформ},
    address =       {М.},
    year = 		    {2009},
    langid =        "russian"
}

@Reference{gost53386,
    heading =		{ГОСТ Р 53386-2009},
    title = 		{Платы печатные},
    subtitle =      {Термины и определения},
    publisher = 	{Стандартинформ},
    address =       {М.},
    year = 		    {2018},
    langid =        "russian"
}
@Reference{gost14004,
    heading =		{ГОСТ 14.004-83},
    title = 		{Технологическая подготовка производства},
    subtitle =      {Термины и определения основных понятий},
    publisher = 	{Стандартинформ},
    address =       {М.},
    year = 		    {2009},
    langid =        "russian"
}
@Reference{gost31121,
    heading =		{ГОСТ 3.1121-84},
    title = 		{Единая система технологической документации (ЕСТД)},
    subtitle =      {Общие требования к комплектности и оформлению комплектов документов на типовые и групповые технологические процессы (операции)},
    publisher = 	{Стандартинформ},
    address =       {М.},
    year = 		    {2009},
    langid =        "russian"
}

@Reference{gost23752,
    heading =       {ГОСТ 23752-79},
    title = 		{Платы печатные. Общие технические условия},
    publisher = 	{Стандартинформ},
    address =       {М.},
    year = 		    {2019}
}

@Reference{gost53429,
    heading =		{ГОСТ Р 53429-2009},
    title = 		{Платы печатные. Основные параметры конструкции},
    publisher = 	{Стандартинформ},
    address =       {М.},
    year = 		    {2018},
    langid =        "russian"
}

@Reference{gost57558,
    heading =		{ГОСТ Р 57558-2017},
    title = 		{Аддитивные технологические процессы. Базовые принципы.},
    publisher = 	{Стандартинформ},
    address =       {М.},
    year = 		    {2018},
    langid =        "russian"
}

@Reference{gost53232,
    heading =       {ГОСТ 53232-2009},
    title = 		{Платы печатные. Общие технические требования к производству.},
    publisher = 	{Стандартинформ},
    address =       {М.},
    year = 		    {2019}
}

@Reference{tpc2221,
    heading =       {TPC-2221},
    title = 		{Generic Standart on Printed Board Design},
    publisher = 	{Стандартинформ},
    address =       {М.},
    year = 		    {2019}
}

@Reference{ost44202,
    heading =       {ОСТ 4.42.02-93},
    title = 		{Сборочно-монтажное производство радиоэлектронных средств. Требования технологические к конструкциям печатных узлов для автоматизированной сборки},
    publisher = 	{Стандартинформ},
    address =       {М.},
    year = 		    {2019}
}

@Book{met:orcad,
    title =         {Системы автоматизированного проектирования радиоэлектронных средств},
    subtitle = 		{Основы трассировки печатных плат в САПР OrCAD},
    author = 	    {Т.С. Косицына and Д.Д. Капралов and Д.И. Кирик},
    publisher = 	{СПбГУТ},
    address =       {СПб.},
    year = 		    {2019},
    pages =         192,
    langid =        "russian"
}

@Book{cadcamcae,
    title =         {Основы САПР (CAD/CAM/CAE)},
    author = 	    {Кунву Ли},
    publisher = 	{Питер},
    address =       {СПб.},
    year = 		    {2004},
    pages =         654,
    langid =        "russian"
}


